<?xml version="1.0" encoding="UTF-8"?><record xmlns="http://www.loc.gov/MARC21/slim" xmlns:cinclude="http://apache.org/cocoon/include/1.0" xmlns:zs="http://www.loc.gov/zing/srw/">
  <leader>02045nz  a2200253n  4500</leader>
  <controlfield tag="001">n  86060389 </controlfield>
  <controlfield tag="003">DLC</controlfield>
  <controlfield tag="005">19861117094538.2</controlfield>
  <controlfield tag="008">861006n| acannaab|          |a ana |||  </controlfield>
  <datafield tag="010" ind1=" " ind2=" ">
    <subfield code="a">n  86060389 </subfield>
  </datafield>
  <datafield tag="040" ind1=" " ind2=" ">
    <subfield code="a">DLC</subfield>
    <subfield code="c">DLC</subfield>
    <subfield code="d">DLC</subfield>
  </datafield>
  <datafield tag="110" ind1="2" ind2="0">
    <subfield code="a">Consociazione nazionale infermiere-infermieri ed altri operatori sanitario-sociali (Italy)</subfield>
  </datafield>
  <datafield tag="410" ind1="2" ind2="0">
    <subfield code="a">Consociazione nazionale infermiere infermieri e operatori sanitario-sociali (Italy)</subfield>
  </datafield>
  <datafield tag="410" ind1="2" ind2="0">
    <subfield code="a">Consociazione nazionale delle associazioni infermiere infermieri ed altri operatori sanitario-sociali (Italy)</subfield>
  </datafield>
  <datafield tag="410" ind1="2" ind2="0">
    <subfield code="a">Consociazione naz. delle associazioni infermiere-inferieri ed altri operatori sanitari-sociali (Italy)</subfield>
  </datafield>
  <datafield tag="410" ind1="2" ind2="0">
    <subfield code="a">C.N.A.I.O.S.</subfield>
  </datafield>
  <datafield tag="410" ind1="2" ind2="0">
    <subfield code="a">CNAIOS</subfield>
  </datafield>
  <datafield tag="510" ind1="2" ind2="0">
    <subfield code="w">a</subfield>
    <subfield code="a">Consociazione nazionale infermiere professionali, assistenti sanitarie visitatrici e vigilatrici d'infanzia</subfield>
  </datafield>
  <datafield tag="667" ind1=" " ind2=" ">
    <subfield code="a">Provisionally considered a later name of: Consociazione nazionale infermiere professionali, assistenti sanitarie visitatrici e vigilatrici d'infanzia.</subfield>
  </datafield>
  <datafield tag="670" ind1=" " ind2=" ">
    <subfield code="a">Its Congresso nazionale (11th : 1980 : Milan, Italy). Professionalizzazione, deprofessionalizzazione, 1981:</subfield>
    <subfield code="b">t.p. (Consociazione nazionale infermiere-infermieri ed altri operatori sanitario-sociali) cover (Consociazione nazionale infermiere infermieri e operatori sanitario-sociali)</subfield>
  </datafield>
  <datafield tag="670" ind1=" " ind2=" ">
    <subfield code="a">Guida Monaci, 1980:</subfield>
    <subfield code="b">index (Consociazione nazionale delle associazioni infermiere infermieri ed altri operatori santario-sociali)</subfield>
  </datafield>
  <datafield tag="670" ind1=" " ind2=" ">
    <subfield code="a">Guida Monaci, 1984:</subfield>
    <subfield code="b">no. 1823 (Consociazione naz. delle associazioni infermiere-infermieri ed altri operatori sanitari-sociali; C.N.A.I.O.S.; Rome)</subfield>
  </datafield>
  <datafield tag="670" ind1=" " ind2=" ">
    <subfield code="a">LC data base, 9-25-86</subfield>
    <subfield code="b">(hdg.: Consociazione nazionale infermiere professionali, assistenti sanitarie visitatrici e vigilatrici d'infanzia; usage: Consociazione nazionale infermiere professionali, assistenti sanitarie visitatrici e vigilatrici d'infanzia, Consociazione nazionale delle associazioni infermiere professionali, assistenti sanitarie visitatrici e vigilatrici d'infanzia)</subfield>
  </datafield>
  <datafield tag="675" ind1=" " ind2=" ">
    <subfield code="a">LC manual cat.</subfield>
  </datafield>
</record>